<?xml version="1.0" encoding="UTF-8"?>
<collection xmlns:xsi="http://www.w3.org/2001/XMLSchema-instance" xsi:schemaLocation="http://www.loc.gov/MARC21/slim http://www.loc.gov/standards/marcxml/schema/MARC21slim.xsd" xmlns="http://www.loc.gov/MARC21/slim">
<record>
  <leader>02070cam a2200373Ii 4500</leader>
  <controlfield tag="001">1579522</controlfield>
  <controlfield tag="003">NNC</controlfield>
  <controlfield tag="005">20160118123205.0</controlfield>
  <controlfield tag="008">810925m19639999su            000 0 ara  </controlfield>
  <datafield tag="010" ind1=" " ind2=" ">
    <subfield code="a">ne 64001461 </subfield>
  </datafield>
  <datafield tag="035" ind1=" " ind2=" ">
    <subfield code="a">(OCoLC)ocm07792907</subfield>
  </datafield>
  <datafield tag="035" ind1=" " ind2=" ">
    <subfield code="a">(OCoLC)7792907</subfield>
  </datafield>
  <datafield tag="035" ind1=" " ind2=" ">
    <subfield code="a">(NNC)1579522</subfield>
  </datafield>
  <datafield tag="040" ind1=" " ind2=" ">
    <subfield code="a">DLC</subfield>
    <subfield code="b">eng</subfield>
    <subfield code="c">TKN</subfield>
    <subfield code="d">TKN</subfield>
    <subfield code="d">OCL</subfield>
    <subfield code="d">OCLCG</subfield>
    <subfield code="d">CLU</subfield>
    <subfield code="d">ORZ</subfield>
    <subfield code="d">OCLCA</subfield>
    <subfield code="d">OCLCF</subfield>
    <subfield code="d">OCLCQ</subfield>
    <subfield code="d">ZCU</subfield>
  </datafield>
  <datafield tag="050" ind1="0" ind2="4">
    <subfield code="a">D17</subfield>
    <subfield code="b">.I12</subfield>
  </datafield>
  <datafield tag="050" ind1=" " ind2="4">
    <subfield code="a">D17</subfield>
    <subfield code="b">.I145 1963</subfield>
  </datafield>
  <datafield tag="100" ind1="1" ind2=" ">
    <subfield code="6">880-01</subfield>
    <subfield code="a">Ibn Kathīr, Ismāʻīl ibn ʻUmar,</subfield>
    <subfield code="d">approximately 1301-1373.</subfield>
  </datafield>
  <datafield tag="245" ind1="1" ind2="3">
    <subfield code="6">880-02</subfield>
    <subfield code="a">al-Bidāyah wa-al-nihāyah fī al-Tarīkh,</subfield>
    <subfield code="c">Li-ʻImād al-Dīn Abī al-Fidā, Ismāʼīl ibn ʻUmar ibn Kathīr. taḥqīq wa-murajaʼat wa-taʼlīq wa-tṣhīḥ Muḥmmad ʻAbd al-ʻAzīz al-Najjār.</subfield>
  </datafield>
  <datafield tag="250" ind1=" " ind2=" ">
    <subfield code="6">880-03</subfield>
    <subfield code="a">Tabʼah Jadīdah munaqqaḥah kāmilah.</subfield>
  </datafield>
  <datafield tag="260" ind1=" " ind2=" ">
    <subfield code="6">880-04</subfield>
    <subfield code="a">al-Riyaḍ :</subfield>
    <subfield code="b">Maktabat al-Falāḥ</subfield>
    <subfield code="c">[1963]-</subfield>
  </datafield>
  <datafield tag="300" ind1=" " ind2=" ">
    <subfield code="a">volumes ;</subfield>
    <subfield code="c">28 cm</subfield>
  </datafield>
  <datafield tag="336" ind1=" " ind2=" ">
    <subfield code="a">text</subfield>
    <subfield code="b">txt</subfield>
    <subfield code="2">rdacontent</subfield>
  </datafield>
  <datafield tag="337" ind1=" " ind2=" ">
    <subfield code="a">unmediated</subfield>
    <subfield code="b">n</subfield>
    <subfield code="2">rdamedia</subfield>
  </datafield>
  <datafield tag="338" ind1=" " ind2=" ">
    <subfield code="a">volume</subfield>
    <subfield code="b">nc</subfield>
    <subfield code="2">rdacarrier</subfield>
  </datafield>
  <datafield tag="650" ind1=" " ind2="0">
    <subfield code="a">World history</subfield>
    <subfield code="v">Early works to 1800.</subfield>
  </datafield>
  <datafield tag="650" ind1=" " ind2="7">
    <subfield code="a">World history.</subfield>
    <subfield code="2">fast</subfield>
    <subfield code="0">(OCoLC)fst01181345</subfield>
  </datafield>
  <datafield tag="655" ind1=" " ind2="7">
    <subfield code="a">Early works.</subfield>
    <subfield code="2">fast</subfield>
    <subfield code="0">(OCoLC)fst01411636</subfield>
  </datafield>
  <datafield tag="700" ind1="1" ind2=" ">
    <subfield code="6">880-05</subfield>
    <subfield code="a">Najjār, Muḥammad ʻAbd al-ʻAzīz.</subfield>
  </datafield>
  <datafield tag="776" ind1="0" ind2="8">
    <subfield code="i">Online version:</subfield>
    <subfield code="a">Ibn Kathīr, Ismāʻīl ibn ʻUmar, approximately 1301-1373.</subfield>
    <subfield code="t">Bidāyah wa-al-nihāyah fī al-Tarīkh.</subfield>
    <subfield code="b">tabʼah Jadīdah munaqqaḥah kāmilah.</subfield>
    <subfield code="d">al-Riyaḍ, Maktabat al-Flaḥ [1963-</subfield>
    <subfield code="w">(OCoLC)609843402</subfield>
  </datafield>
  <datafield tag="880" ind1="1" ind2=" ">
    <subfield code="6">100-01/r</subfield>
    <subfield code="a">ابن كثير، إسماعيل بن عمر,</subfield>
    <subfield code="d">approximately 1301-1373.</subfield>
  </datafield>
  <datafield tag="880" ind1="1" ind2="2">
    <subfield code="6">245-02/r</subfield>
    <subfield code="a">البداية والنهاية في التاريخ /</subfield>
    <subfield code="c">لعماد الدين أبي الفدا إسماعيل بن عمر بن كثير ؛ تحقيق ومراجعة وتعليق وتصحيح محمد عبد العزيز النجار.</subfield>
  </datafield>
  <datafield tag="880" ind1=" " ind2=" ">
    <subfield code="6">250-03/r</subfield>
    <subfield code="a">طبعة جديدة منقحة كاملة.</subfield>
  </datafield>
  <datafield tag="880" ind1=" " ind2=" ">
    <subfield code="6">260-04/r</subfield>
    <subfield code="a">الرياض :</subfield>
    <subfield code="b">مكتبة الفلاح،</subfield>
    <subfield code="c">[1963-</subfield>
  </datafield>
  <datafield tag="880" ind1="1" ind2=" ">
    <subfield code="6">700-05/r</subfield>
    <subfield code="a">نجار، محمد عبد العزيز.</subfield>
  </datafield>
  <datafield tag="955" ind1=" " ind2=" ">
    <subfield code="b">CU15001768</subfield>
    <subfield code="d">off,glx</subfield>
    <subfield code="e">D17 .I12</subfield>
    <subfield code="v">v.2</subfield>
  </datafield>
</record>
</collection>